@article{sanft2011stochkit2,
  title={StochKit2: software for discrete stochastic simulation of biochemical systems with events},
    author={Sanft, Kevin R and Wu, Sheng and Roh, Min and Fu, Jin and Lim, Rone Kwei and Petzold, Linda R},
      journal={Bioinformatics},
        volume={27},
	  number={17},
	    pages={2457--2458},
	      year={2011},
	        publisher={Oxford University Press}
		}
@article{charlebois2011algorithm,
  title={An Algorithm for the Stochastic Simulation of Gene Expression and Heterogeneous Population Dynamics},
    author={Charlebois, Daniel A and Intosalmi, Jukka and Fraser, Dawn and K{\ae}rn, Mads},
      journal={arXiv preprint arXiv:1110.6469},
        year={2011}
	}
@article{gillespie2007stochastic,
  title={Stochastic simulation of chemical kinetics},
    author={Gillespie, Daniel T},
      journal={Annu. Rev. Phys. Chem.},
        volume={58},
	  pages={35--55},
	    year={2007},
	      publisher={Annual Reviews}
	      }
@article{gillespie2001approximate,
  title={Approximate accelerated stochastic simulation of chemically reacting systems},
    author={Gillespie, Daniel T},
      journal={The Journal of Chemical Physics},
        volume={115},
	  number={4},
	    pages={1716--1733},
	      year={2001},
	        publisher={AIP Publishing}
		}
@article{komarov2012accelerating,
  title={Accelerating the Gillespie $\tau$-leaping method using graphics processing units},
    author={Komarov, Ivan and Dâ€™Souza, Roshan M and Tapia, Jose-Juan},
      journal={PloS one},
        volume={7},
	  number={6},
	    pages={e37370},
	      year={2012},
	        publisher={Public Library of Science}
		}
@article{gillespie1977exact,
  title={Exact stochastic simulation of coupled chemical reactions},
    author={Gillespie, Daniel T},
      journal={The journal of physical chemistry},
        volume={81},
	  number={25},
	    pages={2340--2361},
	      year={1977},
	        publisher={ACS Publications}
		}
@article{aviran2010computational,
  title={Computational models of HIV-1 resistance to gene therapy elucidate therapy design principles},
    author={Aviran, Sharon and Shah, Priya S and Schaffer, David V and Arkin, Adam P},
      journal={PLoS computational biology},
        volume={6},
	  number={8},
	    pages={e1000883},
	      year={2010},
	        publisher={Public Library of Science}
		}
